<record><leader>00000cas a2200000 a 4500</leader><controlfield tag="001">11672740</controlfield><controlfield tag="008">850208d19621988couwr ne      0    0eng d</controlfield><datafield ind1=" " ind2=" " tag="010"><subfield code="a">sn 86063467 </subfield></datafield><datafield ind1=" " ind2=" " tag="040"><subfield code="a">COG</subfield><subfield code="b">eng</subfield><subfield code="c">COG</subfield><subfield code="d">NPT</subfield><subfield code="d">CNQ</subfield><subfield code="d">OCL</subfield><subfield code="d">OCLCQ</subfield></datafield><datafield ind1=" " ind2=" " tag="042"><subfield code="a">msc</subfield></datafield><datafield ind1="0" ind2="4" tag="245"><subfield code="a">The Telluride times.</subfield></datafield><datafield ind1=" " ind2=" " tag="260"><subfield code="a">Telluride, San Miguel County, Colo. :</subfield><subfield code="b">Mr. and Mrs. John C. McPhee</subfield></datafield><datafield ind1=" " ind2=" " tag="300"><subfield code="a">v.</subfield></datafield><datafield ind1=" " ind2=" " tag="310"><subfield code="a">Weekly</subfield></datafield><datafield ind1="0" ind2=" " tag="362"><subfield code="a">Vol. 1, no. 1 (Dec. 14, 1862 [i.e. 1962])-v. 26, no. 24 (May 26, 1988).</subfield></datafield><datafield ind1=" " ind2=" " tag="530"><subfield code="a">Available on microfilm from the Colorado Historical Society.</subfield></datafield><datafield ind1=" " ind2=" " tag="752"><subfield code="a">United States</subfield><subfield code="b">Colorado</subfield><subfield code="c">San Miguel</subfield><subfield code="d">Telluride.</subfield></datafield><datafield ind1="0" ind2="7" tag="785"><subfield code="t">Telluride mountain journal</subfield></datafield><datafield ind1="0" ind2="7" tag="785"><subfield code="t">Telluride times-journal</subfield><subfield code="w">(DLC)sn 89052253</subfield></datafield></record>